<record><leader>00000cas a2200000 a 4500</leader><controlfield tag="001">13316523</controlfield><controlfield tag="008">860320d18131813txuuu ne      0   b0spa  </controlfield><datafield ind1=" " ind2=" " tag="010"><subfield code="a">sn 86071234 </subfield></datafield><datafield ind1=" " ind2=" " tag="040"><subfield code="a">DLC</subfield><subfield code="b">eng</subfield><subfield code="c">DLC</subfield><subfield code="d">PPM</subfield><subfield code="d">ANU</subfield><subfield code="d">OCLCQ</subfield><subfield code="d">IUL</subfield><subfield code="d">OCLCF</subfield><subfield code="d">AQM</subfield><subfield code="d">OCLCQ</subfield><subfield code="d">DLC</subfield></datafield><datafield ind1=" " ind2=" " tag="019"><subfield code="a">950934222</subfield></datafield><datafield ind1="0" ind2=" " tag="022"><subfield code="a">2575-0844</subfield><subfield code="2">1</subfield></datafield><datafield ind1=" " ind2=" " tag="042"><subfield code="a">pcc</subfield><subfield code="a">nsdp</subfield></datafield><datafield ind1=" " ind2=" " tag="043"><subfield code="a">n-us-tx</subfield></datafield><datafield ind1="0" ind2="0" tag="050"><subfield code="a">Newspaper</subfield></datafield><datafield ind1=" " ind2="0" tag="222"><subfield code="a">Gaceta de Texas</subfield></datafield><datafield ind1="0" ind2="0" tag="245"><subfield code="a">Gaceta de Texas.</subfield></datafield><datafield ind1=" " ind2=" " tag="260"><subfield code="a">Nacogdoches [Tex.] :</subfield><subfield code="b">[W. Shaler &amp; J.A. de Toledo y Dubois],</subfield><subfield code="c">1813.</subfield></datafield><datafield ind1=" " ind2=" " tag="300"><subfield code="a">1 volume</subfield></datafield><datafield ind1=" " ind2=" " tag="336"><subfield code="a">text</subfield><subfield code="b">txt</subfield><subfield code="2">rdacontent</subfield></datafield><datafield ind1=" " ind2=" " tag="337"><subfield code="a">unmediated</subfield><subfield code="b">n</subfield><subfield code="2">rdamedia</subfield></datafield><datafield ind1=" " ind2=" " tag="338"><subfield code="a">volume</subfield><subfield code="b">nc</subfield><subfield code="2">rdacarrier</subfield></datafield><datafield ind1="0" ind2=" " tag="362"><subfield code="a">Vol. 1, no. 1 (25 de mayo de 1813).</subfield></datafield><datafield ind1=" " ind2=" " tag="500"><subfield code="a">Probably only one issue appeared. Cf. Wallace, J.M. Gaceta to gazette: a checklist of Texas newspapers, 1813-1846.</subfield></datafield><datafield ind1=" " ind2=" " tag="530"><subfield code="a">Also issued on microfilm from the Library of Congress Photoduplication Service; Loyola Univ.</subfield></datafield><datafield ind1=" " ind2="0" tag="650"><subfield code="a">Mexican Americans</subfield><subfield code="v">Newspapers.</subfield></datafield><datafield ind1=" " ind2="0" tag="651"><subfield code="a">Nacogdoches (Tex.)</subfield><subfield code="v">Newspapers.</subfield></datafield><datafield ind1=" " ind2="7" tag="650"><subfield code="a">Mexican Americans.</subfield><subfield code="2">fast</subfield><subfield code="0">(OCoLC)fst01019072</subfield></datafield><datafield ind1=" " ind2="7" tag="651"><subfield code="a">Texas</subfield><subfield code="z">Nacogdoches.</subfield><subfield code="2">fast</subfield><subfield code="0">(OCoLC)fst01208104</subfield></datafield><datafield ind1=" " ind2="7" tag="655"><subfield code="a">Newspapers.</subfield><subfield code="2">fast</subfield><subfield code="0">(OCoLC)fst01423814</subfield></datafield><datafield ind1=" " ind2="7" tag="655"><subfield code="a">Newspapers.</subfield><subfield code="2">rbgenr</subfield></datafield><datafield ind1=" " ind2=" " tag="752"><subfield code="a">United States</subfield><subfield code="b">Texas</subfield><subfield code="c">Nacogdoches</subfield><subfield code="d">Nacogdoches.</subfield></datafield><datafield ind1="0" ind2="8" tag="776"><subfield code="i">Online version:</subfield><subfield code="t">Gaceta de Texas</subfield><subfield code="w">(OCoLC)432346886</subfield></datafield><datafield ind1="0" ind2="0" tag="785"><subfield code="t">Mexicano (Natchitoches, La.: 1813)</subfield><subfield code="x">2575-0852</subfield><subfield code="w">(DLC)sn 82016266</subfield><subfield code="w">(OCoLC)9267668</subfield></datafield><datafield ind1="4" ind2="1" tag="856"><subfield code="u">http://infoweb.newsbank.com/?db=EANX&amp;s_browseRef=decades/11DEE6315AB60AD5/all.xml</subfield></datafield><datafield ind1="1" ind2=" " tag="029"><subfield code="a">AU@</subfield><subfield code="b">000023563904</subfield></datafield></record>